@online{wikipedia-onde,
  author = {Wikipédia},
  title = {Onde --- Wikipédia, l'encyclopédie libre},
  year = {2023},
  url = {https://fr.wikipedia.org/wiki/Onde},
  urldate = {2023-10-04},
}

@online{royer-dieulesaint-acoustique,
  author = {Daniel Royer and Eugene Dieulesaint},
  title = {Acoustique - Propagation dans un solide --- Techniques de l'ingénieur},
  year = {2019},
  url = {https://www.techniques-ingenieur.fr/base-documentaire/sciences-fondamentales-th8/applications-en-mecanique-physique-42643210/acoustique-af3814/},
  urldate = {2023-10-14},
}

@online{revisions-bac,
  author = {Révisions Bac},
  title = {Ondes transversales et longitudinales --- Youtube},
  year = {2015},
  url = {https://www.youtube.com/watch?v=l1V4_SPfhLM},
  urldate = {2023-10-14},
}

@online{professeur-khattabi,
  author = {Professeur Khattabi},
  title = {Résonance --- DSFM},
  year = {2011},
  url = {https://web.dsfm.mb.ca/ecoles/clr/profs/fkhattabi/M3L2.pdf},
  urldate = {2023-10-14},
}

@online{cea,
  author = {CEA},
  title = {Le fonctionnement d'un scanner X --- CEA, De la recherche à l'industrie},
  year = {2014},
  url = {https://www.cea.fr/multimedia/pages/videos/culture-scientifique/sante-sciences-du-vivant/fonctionnement-scanner-x.aspx},
  urldate = {2023-10-15},
}

@online{wikipedia-echographie,
  author = {Wikipédia},
  title = {Échographie --- Wikipédia, l'encyclopédie libre},
  year = {2023},
  url = {https://fr.wikipedia.org/wiki/Échographie},
  urldate = {2023-10-15},
}

@online{wikipedia-imagerie-sismique,
  author = {Wikipédia},
  title = {Imagerie sismique --- Wikipédia, l'encyclopédie libre},
  year = {2023},
  url = {https://fr.wikipedia.org/wiki/Imagerie_sismique},
  urldate = {2023-10-15},
}

@online{pastur-onde,
  author = {Luc Pastur},
  title = {Ondes et Acoustiques dans les Fluides --- Université Paris-Saclay},
  year = {2017},
  url = {https://perso.limsi.fr/pastur/meca/M1MFL_oaf.pdf},
  urldate = {2023-10-17},
  note = {Consulté le 17.10.2023}
}

@online{revisions-bac-unidimensionnel,
  author = {Révisions Bac},
  title = {Onde progressive à une dimension --- Youtube},
  year = {2015},
  url = {https://www.youtube.com/watch?v=JVeXFEBBo1c},
  urldate = {2023-10-23},
}

@online{propagation-onde,
  author = {Alexandre Alles},
  title = {Propagation d'une onde --- Lycée Lalande},
  year = {2020},
  url = {https://cahier-de-prepa.fr/pcsi-lalande/download?id=7},
  urldate = {2023-10-23},
}


@book{gravier-laurent,
  title = {Formulaire IPH},
  author = {Laurent Gravier},
  year = {2022},
  address = {Yverdon-les-Bains},
  edition = {VERSION 16},
}

@report{rapport-heig,
  title = {Titre de Votre Rapport},
  author = {Auteur(s) du Rapport},
  year = {2023},
  institution = {HEIG},
  url = {URL de Votre Rapport (si disponible)},
  urldate = {Date de Consultation du Site Web (si disponible)},
}

@online{image-onde-progressive,
  author = {OpenStax, O.},
  title = {16.3 : Mathématiques des ondes --- Libretexts},
  year = {2022},
  url = {https://query.libretexts.org/@go/page/191241},
  urldate = {2023-10-23},
}

@online{wiki-mod-young,
  author = {Wikipédia},
  title = {Module de Young},
  year = {2023},
  url = {https://fr.wikipedia.org/wiki/Module_de_Young},
  urldate = {2023-11-02},
}

@book{Polycop-Ondes,
  title = {TIN-PHY2-APD-Ondes-3},
  author = {Laurent Gravier},
  year = {2023},
  address = {Yverdon-les-Bains},
  edition = {janvier 2013},
}