@online{wikipedia-onde,
  author = {Wikipédia},
  title = {Onde --- Wikipédia, l'encyclopédie libre},
  year = {2023},
  url = {https://fr.wikipedia.org/wiki/Onde},
  urldate = {2023-10-04},
}

@book{Polycop-Ondes,
  title = {TIN-PHY2-APD-Ondes-3},
  author = {Laurent Gravier},
  year = {2023},
  address = {Yverdon-les-Bains},
  edition = {janvier 2013},
}